<?xml version="1.0" encoding="UTF-8"?><record xmlns="http://www.loc.gov/MARC21/slim" xmlns:cinclude="http://apache.org/cocoon/include/1.0" xmlns:zs="http://www.loc.gov/zing/srw/">
  <leader>00486nz  a2200145n  4500</leader>
  <controlfield tag="001">no2009165084</controlfield>
  <controlfield tag="003">DLC</controlfield>
  <controlfield tag="005">20091017075610.0</controlfield>
  <controlfield tag="008">091015n| acannaabn          |n aaa     c</controlfield>
  <datafield tag="010" ind1=" " ind2=" ">
    <subfield code="a">no2009165084</subfield>
  </datafield>
  <datafield tag="035" ind1=" " ind2=" ">
    <subfield code="a">(OCoLC)oca08273330</subfield>
  </datafield>
  <datafield tag="040" ind1=" " ind2=" ">
    <subfield code="a">MiFliG</subfield>
    <subfield code="b">eng</subfield>
    <subfield code="c">MiFliG</subfield>
  </datafield>
  <datafield tag="100" ind1="1" ind2=" ">
    <subfield code="a">Hornbeek, Marc</subfield>
  </datafield>
  <datafield tag="667" ind1=" " ind2=" ">
    <subfield code="a">NLC not consulted.</subfield>
  </datafield>
  <datafield tag="670" ind1=" " ind2=" ">
    <subfield code="a">Conformance testing ISDN/OSI protocols, 1988:</subfield>
    <subfield code="b">cover (Marc Hornbeek, Manager, Network Test Tool Base Development, Bell-Northern Research, Ottawa, Ontario)</subfield>
  </datafield>
</record>